% Exemplos de referências podem ser encontrados em: https://verbosus.com/bibtex-style-examples.html




@article{lamport1986latex,
    title={LaTEX: User's Guide \& Reference Manual},
    author={Lamport, Leslie},
    year={1986},
    publisher={Addison-Wesley}
}

@article{wessberg2000real,
	title={Real-time prediction of hand trajectory 
	by ensembles of cortical neurons in primates},
	author={Wessberg, Johan and Stambaugh, Christopher R and 
	Kralik,Jerald D and 
	Beck, Pamela D and Laubach, Mark and 
	Chapin, John K and Kim, Jung and Biggs, S James and 
	Srinivasan, Mandayam A and Nicolelis, Miguel AL},
	journal={Nature},
	volume={408},
	number={6810},
	pages={361--365},
	year={2000},
	publisher={Nature Publishing Group}
}

@book{knuth,
	title={The texbook},
	author={Knuth, D.E. and Bibby, D. and Makai, I.},
	volume={1993},
	year={1986},
	publisher={Addison-Wesley}
}

@misc{lamport,
	title={Document Preparation System},
	author={Lamport, L. and LaTEX, A.},
	year={1994},
	publisher={Addison-Wesley}
}

@MASTERSTHESIS{Almeida2018,
	author = {ALMEIDA, M. M. R.},
	TITLE = {Avaliação de métodos de estimativa da capacidade de carga de fundações diretas em solos não saturados. \text{\normalfont\ 2018. 144 f}},
	SCHOOL = {Centro de Tecnologia, Programa de Pós-Graduação em Engenharia Civil: Geotecnia, Universidade Federal do Ceará},
	YEAR = {2018},
	volume       = 4,
    series       = 5,
    address      = {Fortaleza},
	type = {Mestrado em Engenharia Civil},
}



@phdthesis{Gondim2017,
	author = {GONDIM, D. R.},
	TITLE = {Seleção de materiais com potencial aplicação na purificação de IgG humana. \text{\normalfont\ 2017. 164 f}},
	SCHOOL = {Centro de Tecnologia, Programa de Pós-Graduação em Engenharia Civil: Geotecnia, Universidade Federal do Ceará},
	YEAR = {2018},
	volume       = 4,
    series       = 5,
    address      = {Fortaleza},
	type = {Doutorado em Engenharia Química},
}

@article{mortalidade,
	title={Mortalidade neonatal: fatores de risco em um município no sul do Brasil},
	author={MARAM, E. and UCHIMURA, T. T.},
	journal={Rev. Eletr. Enf.},
	volume={10},
	number={1},
	pages={29-38},
	year={2008},
}

@inproceedings{Huetal2000,
	author = "J. Hu and H.R. Wu and A. Jennings and X. Wang",
	title = "Fast and robust equalization: A case study",
	booktitle = "Proceedings of the World Multiconference on Systemics, Cybernetics and Informatics, (SCI 2000), Florida, USA, 23-26 July 2000",
	publisher = "International Institute of Informatics and Systemics", 
	address = "FL, USA",
	pages = "398--403",
	year = "2000"
}

@book{rakov2003lightning,
    title={Lightning},
    subtitle={physics and effects},
    author={Rakov, Vladimir A and Uman, Martin A},
    year={2003},
    address = {[\textit{S. l.}]},
    publisher={Cambridge University Press}
}

@online{elat2015densidade,
    author = {GRUPO{ }DE{ }{E}LETRICIDADE{ }{A}TMOSFÉRICA},
    title = {Densidade de descargas atmosféricas para a terra (Ng)},
    year = 2015,
    url = {http://www.inpe.br/webelat/ABNT_NBR5419_Ng/},
    urlaccessdate = {28 jun. 2016},
    note={Dados publicados na ABNT NBR 5419-2:2015 -- Proteção contra descargas atmosféricas – Parte 2: Gerenciamento de risco}
}

@misc{secretaria1999,
    author = {{S}{\~a}o{ }{P}aulo{ }{(Estado)}},
    address={\textit{In}:\underline{\hspace{0.45in}}},
    booktitle={Entendendo o meio ambiente},
    organization={SÃO PAULO {(Estado). Secretaria do Meio Ambiente}},
    title={{\normalfont Secretaria do Meio Ambiente.} Tratados e organizações ambientais em matéria de meio
    ambiente},
    url={http://www.bdt.org.br/sma/entendendo/atual.htm},
    urlaccessdate={8 mar. 1999},
    volume={1},
    year={1999}
}



@manual{NBR10520:2002,
    address={Rio de Janeiro},
    month={out.},
    organization={ASSOCIAÇÃO{ }BRASILEIRA{ }DE{ }NORMAS{ }TÉCNICAS},
    org-short={ASSOCIAÇÃO{ }BRASILEIRA{ }DE{ }NORMAS{ }TÉCNICAS},
    title={{NBR} 10520},
    subtitle={Informação e documentação: citações em documentos: apresentação},
    year={2002}
}

@manual{manuais1989,
    author = {{S}{\~a}o{ }{P}aulo{ }{(Estado)}},
    address={São Paulo},
    organization={Secretaria do Meio Ambiente. Coordenadoria de Planejamento Ambiental},
    pages={48},
    title={{\normalfont Secretaria do Meio Ambiente. Coordenadoria de Planejamento Ambiental. } Estudo de impacto ambiental – EIA, Relatório de impacto ambiental – RIMA},
    subtitle={manual de orientação},
    series={Séries Manuais},
    year={1989}
}

@misc{UFC2012,
author = {{U}niversidade{ }{F}ederal{ }do{ }{C}ear{\'a}},
title = {Reitoria da {U}niversidade {F}ederal do {C}ear{\'a} },
year = {2012},
url = {http://www.ufc.br/contatos/2-a-universidade},
date = {2016},
OPTsubtitle = {teste},
OPTtitleaddon = {•},
OPTlanguage = {•},
OPTversion = {•},
OPTorganization = {•},
OPTmonth = {•},
OPTaddendum = {•},
urlaccessdate = {28 jul. 2016}
}

@misc{NASA2016,
author = { {A}dministra{\c{c}}{\~a}o{ }{N}acional{ }do{ }{E}spa{\c{c}}o{ }e{ }{A}eron{\'a}utica},
title = {{G}ráfico{ }da{ }{A}tmosfera{ }{S}uperior },
year = {2016},
url = {http://www.nasa.gov/mission_pages/sunearth/science/upper-atmosphere-graphic.html},
date = {2016},
OPTsubtitle = {teste},
OPTtitleaddon = {•},
OPTlanguage = {•},
OPTversion = {•},
OPTorganization = {•},
OPTmonth = {•},
OPTaddendum = {•},
urlaccessdate = {28 jul. 2016}
}

@book{goossens1994latex,
  title={The LATEX companion},
  author={Goossens, Michel and Mittelbach, Frank and Samarin, Alexander and Souidi, El Mamoun},
  volume={2},
  year={1994},
  address = {[\textit{S. l.}]},
  publisher={Addison-Wesley Reading, Massachusetts}
}


@article{feitosa2016,
	title={Complexas mediações},
	subtitle={transdisciplinaridade e incertezas nas recepções informacionais},
	author={L Feitosa},
	journal={Informação em Pauta},
	volume={1},
	number={1},
	pages={98-117},
	year={2016},
	publisher={Fortaleza} 
}

@book{LangtangenLogg2017,
 title = {Solving PDEs in Python},
 author = {Hans Petter Langtangen and Anders Logg},
 year = {2017},
 publisher = {Springer},
 doi = {10.1007/978-3-319-52462-7},
 address = {[\textit{S. l.}]},
 isbn = {978-3-319-52461-0},
}

@book{marwedel2021embedded,
  title={Embedded system design: embedded systems foundations of cyber-physical systems, and the internet of things},
  author={Marwedel, Peter},
  year={2021},
  publisher={Springer Nature}
}

@book{white2011making,
  title={Making Embedded Systems: Design Patterns for Great Software},
  author={White, Elecia},
  year={2011},
  publisher={" O'Reilly Media, Inc."}
}


@article{specifications2000part,
  title={Part 1},
  author={Specifications, SD Memory Card},
  journal={PHYSICAL LAYER SPECIFICATION, Version},
  volume={1},
  year={2000}
}

@article{specification2006sd,
  title={SD Specifications Part 1 Physical Layer Simplified Specification},
  author={Specification, Simplified},
  year={2006}
}

@misc{sd3sd2,
  title={SD Specifications Part 1 Physical Layer Specification},
  author={SD Group and SD Card Association},
  publisher={SD Group and SD Card Association}
}


@book{vahid2001embedded,
  title={Embedded system design: a unified hardware/software introduction},
  author={Vahid, Frank and Givargis, Tony D},
  year={2001},
  publisher={John Wiley \& Sons}
}


@book{hamacher2011computer,
  title={Computer organization and embedded systems},
  author={Hamacher, Carl and Vranesic, Zvonko and Zaky, Safwat and Manjikian, Naraig},
  year={2012},
  publisher={McGraw-Hill Higher Education}
}


@online{2022espressifS3,
	author = {Espressif Systems},
	title = {ESP32-S3 Series Datasheet},
	year = {2022},
	url = {https://espressif.com/sites/default/files/documentation/esp32-s3_datasheet_en.pdf},
	urlaccessdate = {20 mai. 2022}
}

@online{2010sd3sd,
	author = {SD Group and SD Card Association},
	title = {SD Specifications Part 1 Physical Layer Specification},
	year = {2010},
	url = {https://community.nxp.com/pwmxy87654/attachments/pwmxy87654/imx-processors%40tkb/3706/1/Part_1_Physical_Layer_Specification_Ver3.01_Final_100218.pdf},
	urlaccessdate = {29 mai. 2022}
}

@online{dou2022,
	author = {Imprensa Nacional},
	title = {Diário Oficial da União},
	year = {2022},
	url = {https://download.in.gov.br/sgpub/do/secao1/2022/2022_05_10/2022_05_10_ASSINADO_do1.pdf?arg1=ZVSIjf9m9meFiIUlR522Pw&arg2=1656646118},
	urlaccessdate = {10 jun. 2022}
}

